% This file was created with JabRef 2.10b2.
% Encoding: UTF-8


@String { abntex.doc.header = {$Header: /home/cvsroot/abntex/texmf/bibtex/bib/abntex/abntex-doc.bib,v 1.1 2003/03/21 18:28:12 gweber Exp $} }

@InProceedings{Kolberg2010SimulaoEE,
  author = {Wagner Kolberg},
  title  = {Simula√ß{\~a}o e estudo da plataforma Hadoop MapReduce em ambientes heterog{\^e}neos},
  year   = {2010},
}

@article{OptmizationSoftwareHadoop18,
  title={Optimization of computing and networking resources of a Hadoop cluster based on software defined network},
  author={Khaleel, Ali and Al-Raweshidy, Hamed},
  journal={IEEE Access},
  volume={6},
  pages={61351--61365},
  year={2018},
  publisher={IEEE}
}

@article{PastAndFutureTrendsData19,
  author = {Yong-Hong Kuo and Andrew Kusiak},
  title = {From data to big data in production research: the past and future trends},
  journal = {International Journal of Production Research},
  volume = {57},
  number = {15-16},
  pages = {4828-4853},
  year  = {2019},
  publisher = {Taylor {\&} Francis},
  doi = {10.1080/00207543.2018.1443230},

  URL = { 
          https://doi.org/10.1080/00207543.2018.1443230
      
  },
  eprint = { 
          https://doi.org/10.1080/00207543.2018.1443230
      
  }
}

@article{DigitalizationWorld18,
  title={The digitization of the world from edge to core},
  author={Rydning, David Reinsel-John Gantz-John},
  journal={Framingham: International Data Corporation},
  pages={16},
  year={2018}
}

@article{ProgrammingBigData22,
  title={Programming big data analysis: principles and solutions},
  author={Belcastro, Loris and Cantini, Riccardo and Marozzo, Fabrizio and Orsino, Alessio and Talia, Domenico and Trunfio, Paolo},
  journal={Journal of Big Data},
  volume={9},
  number={1},
  pages={1--50},
  year={2022},
  publisher={SpringerOpen}
}

@article{MapReduce08,
  title={MapReduce: simplified data processing on large clusters},
  author={Dean, Jeffrey and Ghemawat, Sanjay},
  journal={Communications of the ACM},
  volume={51},
  number={1},
  pages={107--113},
  year={2008},
  publisher={ACM New York, NY, USA}
}

@book{HadoopBook15,
  title={Hadoop: The definitive guide},
  author={White, Tom},
  year={2015},
  publisher={" O'Reilly Media, Inc."}
}

@book{ProHadook09,
  title={Pro hadoop},
  author={Venner, Jason},
  year={2009},
  publisher={Apress}
}

@inproceedings{ClusterGridCloudComparison11,
  title={Cluster, grid and cloud computing: A detailed comparison},
  author={Sadashiv, Naidila and Kumar, SM Dilip},
  booktitle={2011 6th international conference on computer science \& education (ICCSE)},
  pages={477--482},
  year={2011},
  organization={IEEE}
}